% This file was created with JabRef 2.10.
% Encoding: UTF8


@Misc{AdV.2008,
  Title                    = {Dokumentation zur Modellierung der Geoinformationen des amtlichen Vermessungswesens: (GeoInfoDok): Erl\"{a}uterungen zu ALKIS{\circledR} Version 6},
  Author                   = {AdV,},
  Year                     = {2008},
  File                     = {:Files/AdV 2008 - Dokumentation zur Modellierung der Geoinformationen.pdf:PDF}
}

@Phdthesis{Blesl.2002,
  Title                    = {R\"{a}umlich hoch aufgel\"{o}ste Modellierung leitungsgebundener Energieversorgungssysteme zur Deckung des Niedertemperaturw\"{a}rmebedarfs},
  Author                   = {Blesl, Markus},
  Year                     = {2002},
  Url                      = {\url{elib.uni-stuttgart.de/opus/volltexte/2002/1193/pdf/FB92.pdf}},
  Address                  = {Stuttgart and Stuttgart and Stuttgart},
  School                   = {Univ}
}

@Misc{Blesl.2007,
  Title                    = {W\"{a}rmeatlas Baden-W\"{u}ttemberg: Erstellung eines Leitfadens und Umsetzung f\"{u}r Modellregionen: Institut f\"{u}r Energiewirtschaft und Rationelle Energieanwendung. Universit\"{a}t Stuttgart},
  Author                   = {Blesl, M and Kempe, S and Ohl, M and Fahl, U},
  Year                     = {2007},
  Url                      = {\url{elib.uni-stuttgart.de/opus/volltexte/2009/4840/}},
}

@Misc{BMVBS.2008,
  Title                    = {Energieausweis f\"{u}r Geb\"{a}ude -- nach Energieeinsparverordnung (EnEV 2009)},
  Author                   = {{BMVBS Bundesministerium f\"{u}r Verkehr, Bau und Stadtentwicklung},},
  Year                     = {2008},
  Address                  = {Berlin},
}

@Misc{Born.2003,
  Title                    = {Energieeinsparung durch Verbesserung des W\"{a}rmeschutzes und Modernisierung der Heizungsanlage f\"{u}r 31 Musterh\"{a}user der Geb\"{a}udetypologie: Studie im Auftrag des Impulsprogramms Hessen: Endbericht},
  Author                   = {Born, Rolf and Diefenbach, Nikolaus and Loga, Tobias},
  Year                     = {2003},
  Url                      = {iwu.de/fileadmin/user\_upload/dateien/energie/klima\_altbau/GebTyp\_Impulsprogramm\_Hessen\_22\_01\_2003.pdf},
  Address                  = {Darmstadt},
}

@Misc{BSU.2011,
  Title                    = {Hamburger Geb\"{a}udetypologie: Verbrauchswerte und Einsparpotentiale},
  Author                   = {BSU,},
  Year                     = {2011},
  Url                      = {klima.hamburg.de/energiediagnose/1998140/gebauedetypologie.html},
  Urldate                  = {07.05.2011},
}

@Book{Buchert.2004,
  Title                    = {Nachhaltiges Bauen und Wohnen in Deutschland: Stoffflussbezogene Bausteine f\"{u}r ein nationales Konzept der nachhaltigen Entwicklung ; Verkn\"{u}pfung des Bereiches Bauen und Wohnen mit dem komplement\"{a}ren Bereich {\dq}\"{O}ffentliche Infrastruktur{\dq} ; [Endbericht] ; Forschungsbericht 29892303/02},
  Author                   = {Buchert, Matthias},
  Year                     = {2004},
  Publisher                = {Umweltbundesamt},
  Series                   = {Umweltforschungsplan des Bundesministeriums f\"{u}r Umwelt, Naturschutz und Reaktorsicherheit},
  Volume                   = {04,01},
  Address                  = {Berlin},
  Institution              = {Deutschland}
}

@Article{Caputo.2013,
  Title                    = {A supporting method for defining energy strategies in the building sector at urban scale},
  Author                   = {Caputo, Paola and Costa, Gaia and Ferrari, Simone},
  Year                     = {2013},
  Doi                      = {10.1016/j.enpol.2012.12.006},
  ISSN                     = {0301-4215},
  Number                   = {0},
  Pages                    = {261--270},
  Volume                   = {55},
  Journal                  = {Energy Policy},
  Keywords                 = {building stock; Energy savings; Urban energy policies}
}

@Article{DallO.2012,
  Title                    = {A methodology for the energy performance classification of residential building stock on an urban scale},
  Author                   = {Dall'O', Giuliano and Galante, Annalisa and Torri, Marco},
  Year                     = {2012},
  Doi                      = {10.1016/j.enbuild.2012.01.034},
  ISSN                     = {0378-7788},
  Number                   = {0},
  Pages                    = {211--219},
  Volume                   = {48},
  Journal                  = {Energy and Buildings},
}

@Article{Dascalaki.2011,
  Title                    = {Building typologies as a tool for assessing the energy performance of residential buildings -- A case study for the Hellenic building stock},
  Author                   = {Dascalaki, Elena G. and Droutsa, Kalliopi G. and Balaras, Constantinos A. and Kontoyiannidis, Simon},
  Year                     = {2011},
  Doi                      = {10.1016/j.enbuild.2011.09.002},
  ISSN                     = {0378-7788},
  Number                   = {12},
  Pages                    = {3400--3409},
  Volume                   = {43},
  Journal                  = {Energy and Buildings},
}

@Misc{DIN.4108-6,
  Title                    = {W\"{a}rmeschutz und Energie-Einsparung in Geb\"{a}uden - Teil 6: Berechnung des Jahresheizw\"{a}rme- und des Jahresheizenergiebedarfs},
  Author                   = {{Deutsches Institut f\"{u}r Normung e. V},},
  Year                     = {2003},
  Urldate                  = {09.10.2013},
  Address                  = {Berlin},
  Number                   = {4108-6},
  Publisher                = {Beuth},
  Volume                   = {ICS 91.120.10}
}

@Misc{DIN.4701-10,
  Title                    = {Energetische Bewertung heiz- und raumlufttechnischer Anlagen - Teil 10: Heizung, Trinkwassererw\"{a}rmung, L\"{u}ftung},
  Author                   = {{Deutsches Institut f\"{u}r Normung e. V},},
  Year                     = {2003},
  Urldate                  = {09.10.2013},
  Address                  = {Berlin},
  Number                   = {4701-10},
  Publisher                = {Beuth},
  Volume                   = {ICS 91.140.10; 91.140.30; 91.140.65}
}

@Misc{Diefenbach.2010,
  Title                    = {Summary of the Research Project {\glqq}Data Base of the Building Stock -- Data Survey of the State and the Trends of Energy Saving Measures in the German Residential Building Stock``},
  Author                   = {Diefenbach, Nikolaus and Cischinsky, H. and Rodenfels, M.},
  Year                     = {2010},
  Urldate                  = {04.02.2013},
}

@Misc{ebok.2005,
  Title                    = {Geb\"{a}udetypologie f\"{u}r die Stadt D\"{u}sseldorf: Endbericht: Umweltamt Landeshauptstadt D\"{u}sseldorf},
  Author                   = {eb\"{o}k,},
  Year                     = {2005},
  Url                      = {www.eboek.de/downloads/gebaeudetypologie.pdf},
  Urldate                  = {17.04.2012},
}

@Misc{ebok.2000,
  Title                    = {Einf\"{u}hrung eines Energiepasses f\"{u}r den Freistaat Sachsen. Geb\"{a}udetypologie f\"{u}r Sachsen. Endbericht: In Auftrag des S\"{a}chsischen Staatsministeriums f\"{u}r Umwelt und Landwirtschaft (SMUL)},
  Author                   = {eb\"{o}k,},
  Year                     = {2000},
  Address                  = {T\"{u}bingen}
}

@Misc{ebokifeu.1998,
  Title                    = {Mannheim Waermefibel. Der Ratgeber zur W\"{a}rmed\"{a}mmung und Energieeinsparung Der Ratgeber zur W\"{a}rm und Energieeinsparung: Geb\"{a}udetypologie f\"{u}r die Stadt Mannheim: T\"{u}bingen / Heidelberg},
  Author                   = {eb\"{o}k/ifeu,},
  Year                     = {1998},
  Url                      = {www.ifeu.de/energie/pdf/Mannheim\_Waermefibel\_1999.pdf},
  Urldate                  = {08.10.2013},
  Address                  = {T\"{u}bingen / Heidelberg},
}

@Misc{ebokifeu.1996,
  Title                    = {Heidelberger Geb\"{a}udetypologie: T\"{u}bingen / Heidelberg},
  Author                   = {eb\"{o}k/ifeu,},
  Year                     = {1996},
  Url                      = {www.ifeu.de/bildungundinformation/pdf/Heidelberg\_Gebaeudetypologie\_1997.pdf},
  Urldate                  = {08.10.2013},
  Address                  = {T\"{u}bingen/Heidelberg},
}

@Book{Ebel.1990,
  Title                    = {Energiesparpotentiale im Geb\"{a}udebestand},
  Author                   = {Ebel, Witta},
  Year                     = {1990},
  ISBN                     = {9783927846074},
  Publisher                = {Inst. Wohnen und Umwelt},
  Series                   = {Studien zur Energiepolitik in Hessen},
  Address                  = {Darmstadt},
}

@Book{Ecoplan.2000,
  Title                    = {Siedlungsentwicklung und Infrastrukturkosten: Schlussbericht},
  Author                   = {Ecoplan, and {Schweiz. Bundesamt f\"{u}r Raumentwicklung.},},
  Year                     = {2000},
  Publisher                = {Ecoplan},
  Address                  = {Bern}
}

@Misc{Einig.2006,
  Title                    = {Siedlungsentwicklung und Infrastrukturfolgekosten: Bilanzierung und Strategieentwicklung ; Endbericht ; ein Projekt des Forschungsprogramms -Aufbau Ost- des Bundesministeriums f\"{u}r Verkehr, Bau und Stadtentwicklung (BMVBS) und des Bundesamtes f\"{u}r Bauwesen und Raumordnung (BBR)},
  Author                   = {Einig, Klaus},
  Year                     = {2006},
  Url                      = {www.bbr.bund.de/cln\_005/nn\_21272/DE/Veroeffentlichungen/BBR-Online/2002-2006/DL\_\_ON032006,templateId=raw,property=publicationFile.pdf/DL\_ON032006.pdf},
  Address                  = {Bonn},
  Publisher                = {BBR},
  Series                   = {BBR-Online-Publikation}
}

@Book{Erhorn.2011,
  Title                    = {Energetische Quartiersplanung: Methoden - Technologien - Praxisbeispiele},
  Author                   = {Erhorn-Kluttig, Heike},
  Year                     = {2011},
  ISBN                     = {3816784119},
  Publisher                = {Fraunhofer-IRB-Verl.},
  Address                  = {Stuttgart},
}

@Misc{Everding.2004,
  Title                    = {Leitbilder und Potenziale eines solaren St\"{a}dtebaus},
  Author                   = {Everding, Dagmar Dr.},
  Year                     = {2004},
  Url                      = {www.ecofys.com/files/files/zusammenfassung\_000.pdf},
}

@Article{Finney.2012,
  Title                    = {Developments to an existing city-wide district energy network: Part II -- Analysis of environmental and economic impacts},
  Author                   = {Finney, Karen N. and Chen, Qun and Sharifi, Vida N. and Swithenbank, Jim and Nolan, Andy and White, Simon and Ogden, Simon},
  Year                     = {2012},
  Doi                      = {10.1016/j.enconman.2012.03.005},
  ISSN                     = {0196-8904},
  Number                   = {0},
  Pages                    = {176--184},
  Volume                   = {62},
  File                     = {:Files/Finney, Chen et al 2012 - Developments to an existing city-wide.pdf:PDF},
  Journal                  = {Energy Conversion and Management},
}

@Article{Finney.2012b,
  Title                    = {Developments to an existing city-wide district energy network -- Part I: Identification of potential expansions using heat mapping},
  Author                   = {Finney, Karen N. and Sharifi, Vida N. and Swithenbank, Jim and Nolan, Andy and White, Simon and Ogden, Simon},
  Year                     = {2012},
  Doi                      = {10.1016/j.enconman.2012.03.006},
  ISSN                     = {0196-8904},
  Number                   = {0},
  Pages                    = {165--175},
  Volume                   = {62},
  File                     = {:Files/Finney, Sharifi et al 2012 - Developments to an existing city-wide.pdf:PDF},
  Journal                  = {Energy Conversion and Management},
}

@Article{Finney.2012c,
  Title                    = {Modelling and mapping sustainable heating for cities },
  Author                   = {Finney, Karen N. and Zhou, Jue and Chen, Qun and Zhang, Xiaohui and Chan, Chian and Sharifi, Vida N. and Swithenbank, Jim and Nolan, Andy and White, Simon and Ogden, Simon and Bradford, Richard and Karen N. Finney and Jue Zhou and Qun Chen and Xiaohui Zhang and Chian Chan and Vida N. Sharifi and Jim Swithenbank and Andy Nolan and Simon White and Simon Ogden and Richard Bradford},
  Year                     = {2013},
  Doi                      = {http://dx.doi.org/10.1016/j.applthermaleng.2012.04.009},
  ISSN                     = {1359-4311},
  Number                   = {2},
  Pages                    = {246 - 255},
  Volume                   = {53},
  File                     = {Finney.2012c.pdf:Finney.2012c.pdf:PDF},
  Journal                  = {Applied Thermal Engineering },
}

@Misc{Genske.2009,
  Title                    = {{N}utzung st\"{a}dtischer {F}reifl\"{a}chen f\"{u}r erneuerbare {E}nergien},
  Author                   = {Genske, Dieter D. and J\"{o}decke, Thomas and Ruff, Ariane},
  Year                     = {2009},
  Url                      = {www.bbsr.bund.de/BBSR/DE/Veroeffentlichungen/BMVBS/Sonderveroeffentlichungen/2009/DL\_NutzungFreiflaechen.pdf},
  Urldate                  = {26.04.2012},
}

@Book{Hegger.2014,
  Title                    = {{E}nergetische {S}tadtraumtypen},
  Author                   = {Hegger, Manfred and Dettmar, J{\"o}rg and Drebes, Christoph and Greiner, Mirka and Kern, Tobias and Meinberg, Thomas and Schulze, Joachim and Sieber, Sandra and Sylla, Ousmanne and Wagner, Christian},
  Year                     = {2014},
  Publisher                = {Fraunhofer {I}{R}{B} {V}erlag},
  Address                  = {Stuttgart}
}

@Misc{Hermelink.2011,
  Title                    = {Fl\"{a}chendeckende Erhebung des energetischen Zustandes des Hamburger Geb\"{a}udebestandes: Kurzdarstellung der Arbeitsschritte},
  Author                   = {Hermelink, Andreas and Manteuffel, Bernhard von and Lindner, Sigrid and John, Ashok},
  Year                     = {2011},
  Urldate                  = {16.08.2012},
}

@Misc{Hildebrandt.2003,
  Title                    = {Evaluation des F\"{o}rderprogramms zur Altbausanierung in der Stadt M\"{u}nster: Geb\"{a}udetypologie: Im Auftrag der: Stadt M\"{u}nster, Amt f\"{u}r Gr\"{u}nfl\"{a}chen und Umweltschutz KLENKO (Koordinierungsstelle Klima {\&} Energie); gef\"{o}rdert durch das Land Nordrhein-Westfalen im Rahmen der Landesinitiative Zukunftsenergien},
  Author                   = {Hildebrandt, Olaf and Hellmann, Rosemarie and Zantner, Marc},
  Year                     = {2003},
  Url                      = {www.muenster.de/stadt/klima/pdf/EB\_Anhang2Gebaeudetypologie.pdf},
  Urldate                  = {08.10.2013},
}

@Article{Hrabovszky.2013,
  Title                    = {Generalized residential building typology for urban climate change mitigation and adaptation strategies: The case of Hungary},
  Author                   = {Hrabovszky-Horv\'{a}th, S\'{a}ra and P\'{a}lv\"{o}lgyi, Tam\'{a}s and Csoknyai, Tam\'{a}s and Talamon, Attila},
  Year                     = {2013},
  Doi                      = {10.1016/j.enbuild.2013.03.011},
  ISSN                     = {0378-7788},
  Number                   = {0},
  Pages                    = {475--485},
  Volume                   = {62},
  Journal                  = {Energy and Buildings}
}

@Misc{IWU.2003,
  Title                    = {Deutsche Geb\"{a}udetypologie: Systematik und Datens\"{a}tze},
  Author                   = {IWU,},
  Year                     = {2003},
  Url                      = {www.iwu.de/fileadmin/user\_upload/dateien/energie/klima\_altbau/Gebaeudetypologie\_Deutschland.pdf},
}

@Misc{Jentsch.2008,
  Title                    = {Leitungsgebundene W\"{a}rmeversorgung im l\"{a}ndlichen Raum: Handbuch zur Entscheidungsunterst\"{u}tzung - Fernw\"{a}rme in der Fl\"{a}che},
  Author                   = {Jentsch, A. and Bohn, K. and Pohlig, A. and D\"{o}tsch, C. and Richter, S. and Manderfeld, M.},
  Year                     = {2008},
  Url                      = {http://publica.fraunhofer.de/eprints/urn:nbn:de:0011-n-1136251.pdf},
}

@Misc{KEMA.2012,
  Title                    = {Anpassungs-und Investitionserfordernisse der Informations- und Kommunikationstechnologie zur Entwicklung eines dezentralen Energiesystems (Smart Grid): Endbericht -- Kurzfassung: Proprietary 9011-664},
  Author                   = {KEMA,},
  Year                     = {2012},
  Url                      = {www.e-energy.de/images/2012.05\_VKU\_Kurzstudie\_V1.0\_\_final.pdf},
  Urldate                  = {08.10.2013},
}

@Misc{Klauss.2009,
  Title                    = {Katalog regionaltypischer {M}aterialien im {G}eb\"{a}udebestand mit {B}ezug auf die {B}aualtersklasse und {A}bleitung typischer {B}auteilaufbauten: 2., berichtigte Version.},
  Author                   = {Klau{\ss}, Swen and Kirchhof, Wiebke and Gissel, Johanna},
  Date                     = {20. October 2009},
  Editor                   = {Zentrum f\"ur {U}mweltbewusstes {B}auen e.{V}. {V}erein an der {U}niversit\"at {K}assel},
  Year                     = {2009},
  HowPublished             = {Zentrum f\"ur {U}mweltbewusstes {B}auen e.{V}. {U}niversit\"at {K}assel},
  Location                 = {Kassel},
  Organization             = {Zentrum f\"ur {U}mweltbewusstes {B}auen e.{V}. {V}erein an der {U}niversit\"at {K}assel},
  Subtitle                 = {Zentrum f\"ur {U}mweltbewusstes {B}auen e.{V}. {V}erein an der {U}niversit\"at {K}assel},
  Institution              = {Zentrum f\"ur {U}mweltbewusstes {B}auen e.{V}. {V}erein an der {U}niversit\"at {K}assel}
}

@Inproceedings{Koch.2013,
  Title                    = {Urban neighbourhoods -- an intermediate scale for the assessment of energy performance of buildings},
  Author                   = {Koch, Andreas and Girard, Sebastien},
  Booktitle                = {eceee 2013 Summer Study},
  Year                     = {2013},
  Pages                    = {1377--1385},
  Urldate                  = {28.06.2013},
}

@Article{Kragh.2013,
  Title                    = {Development of two Danish building typologies for residential buildings},
  Author                   = {Kragh, J. and Wittchen, K.B.},
  Year                     = {2013},
  Doi                      = {10.1016/j.enbuild.2013.04.028},
  ISSN                     = {0378-7788},
  Number                   = {0},
  Pages                    = {79 - 86},
  Volume                   = {68, Part A},
  File                     = {:Files/Kragh, Wittchen 2013 - Development of two Danish building.pdf:PDF},
  Journal                  = {Energy and Buildings},
}

@Phdthesis{Krug.2006,
  Title                    = {R\"{a}umliche Wahlm\"{o}glichkeiten als Effizienzkriterium f\"{u}r Siedlung und Verkehr},
  Author                   = {Krug, Henning},
  Year                     = {2006},
  Url                      = {http://kobra.bibliothek.uni-kassel.de/bitstream/urn:nbn:de:hebis:34-2006110115361/3/Krug\%2BR\%C3\%A4umliche\%2BWahlm\%C3\%B6glichkeiten.pdf},
  Abstract                 = {In dieser Arbeit wird eine Messgr\"{o}{\ss}e f\"{u}r die Mobilit\"{a}t im Personenverkehr formuliert und anhand dieser Messgr\"{o}{\ss}e eine vergleichende Bewertung von Szenarien der Siedlungs- und Verkehrsentwicklung vorgenommen.},
  Address                  = {Kassel},
  School                   = {Univ}
}

@Misc{Loga.2011,
  Title                    = {Deutsche Geb\"{a}udetypologie: Beispielhafte Ma{\ss}nahmen zur Verbesserung der Energieeffizienz von typischen Wohngeb\"{a}uden},
  Author                   = {Loga, Tobias and Diefenbach, Nikolaus and Born, Rolf},
  Year                     = {2011},
}

@Misc{Loga.2012,
  Title                    = {TABULA -- Scientific Report Germany --: Further Development of the German Residential Building Typology},
  Author                   = {Loga, Tobias and Diefenbach, Nikolaus and Stein, Brita and Born, Rolf},
  Year                     = {2012},
  Url                      = {www.building-typology.eu/downloads/public/docs/scientific/DE\_TABULA\_ScientificReport\_IWU.pdf},
  Urldate                  = {09.10.2013},
}

@Article{Manfren.2011,
  Title                    = {Paradigm shift in urban energy systems through distributed generation: Methods and models},
  Author                   = {Manfren, Massimiliano and Caputo, Paola and Costa, Gaia},
  Year                     = {2011},
  Doi                      = {10.1016/j.apenergy.2010.10.018},
  ISSN                     = {0306-2619},
  Number                   = {4},
  Pages                    = {1032--1048},
  Volume                   = {88},
  Journal                  = {Applied Energy},
}

@Misc{Marconi.2006,
  Title                    = {Raumstruktur und Mobilit\"{a}t von Personen. Argumentarium. Unterst\"{u}tzung nachhaltiger Mobilit\"{a}tsstile durch Raumplanung. Ergebnisse einer Sonderauswertung des Mikrozensus zum Verkehrsverhalten 2000},
  Author                   = {Marconi, D. Simma A. Schad H. Hilber R. Cattaneo P. Baumeler M.},
  Year                     = {2006},
  Institution              = {ARE}
}

@Inproceedings{Munoz.2014c,
  Title                    = {A Microsimulation Approach to Generate Occupancy Rates of Small Urban
 Areas},
  Author                   = {Mu\~noz H., M. Esteban},
  Booktitle                = {2nd {A}sia {C}onference on {I}nternational {B}uilding {P}erformance
 {S}imulation {A}ssociatio, {I}{B}{P}{S}{A} {J}apan},
  Year                     = {2014},
  Url                      = {http://ibpsa.org/proceedings/asim2014/140_AsimC3-28-370.pdf},
  Address                  = {Nagoya University, Japan}
}

@Article{Munoz.2014b,
  Title                    = {Constructing an Urban Microsimulation Model to Assess the Influence of Demographics on Heat Consumption},
  Author                   = {Mu\~noz H., M. Esteban and Peters, Irene},
  Year                     = {2014},
  Number                   = {1},
  Pages                    = {127-157},
  Volume                   = {7},
  Journal                  = {International Journal of Microsimulation}
}

@Book{Roth.1980,
  Title                    = {Wechselwirkungen zwischen der Siedlungsstruktur und W\"{a}rmeversorgungssystemen : Forschungsprojekt BMBau RS II 4-704102-77.10(1980)},
  Author                   = {Roth, Ueli and H\"{a}ubi, Fritz},
  Year                     = {1980},
  Series                   = {[Schriftenreihe des Bundesministers f\"{u}r Raumordnung, Bauwesen und St\"{a}dtebau / 6] Schriftenreihe des Bundesministers f\"{u}r Raumordnung, Bauwesen und St\"{a}dtebau / Deutschland, Bundesrepublik, Bundesminister f\"{u}r Raumordnung, Bauwesen und St\"{a}dtebau},
  Address                  = {Bonn},
}

@Book{Sieverts.1980,
  Title                    = {Rationelle Energieverwendung im Rahmen der kommunalen Entwicklungsplanung},
  Author                   = {{Sieverts und Volwahsen}, and Roth, Ueli and Volwahsen, Andreas},
  Year                     = {1980},
  Publisher                = {Der Bundesminister f\"{u}r Raumordnung Bauwesen und St\"{a}dtebau},
  Series                   = {Schriftenreihe St\"{a}dtebauliche Forschung},
  Volume                   = {Heft Nr. 083},
  Address                  = {Bonn},
  Institution              = {{Germany (West)}},
  Keywords                 = {Energy conservation; Germany, West; City planning}
}

@Article{Singh.2013,
  Title                    = {An analysis on energy efficiency initiatives in the building stock of Liege, Belgium},
  Author                   = {Singh, Manoj Kumar and Mahapatra, Sadhan and Teller, Jacques},
  Year                     = {2013},
  Doi                      = {10.1016/j.enpol.2013.07.138},
  ISSN                     = {0301-4215},
  Number                   = {0},
  Pages                    = {729--741},
  Volume                   = {62},
  Journal                  = {Energy Policy},
}

@Misc{TABULAProjectTeam.2012,
  Title                    = {Application of Building Typologies for Modelling the Energy Balance of the Residential Building Stock: -- TABULA Thematic Report N° 2 --},
  Author                   = {{TABULA Project Team},},
  Year                     = {2012},
  Url                      = {www.building-typology.eu/downloads/public/docs/report/TABULA\_TR2\_D8\_NationalEnergyBalances.pdf},
  Urldate                  = {07.10.2013},
}

@Misc{TABULAProjectTeam.2012b,
  Title                    = {Typology Approach for Building Stock Energy Assessment: Main Results of the TABULA project: - Final Project Report -},
  Author                   = {{TABULA Project Team},},
  Year                     = {2012},
  Url                      = {www.building-typology.eu/downloads/public/docs/report/TABULA\_FinalReport.pdf},
  Urldate                  = {07.10.2013},
}

@Misc{TABULAProjectTeam.2012c,
  Title                    = {Typology Approach for Building Stock Energy Assessment: Main Results of the TABULA project: -- Final Project Report: Appendix Volume --},
  Author                   = {{TABULA Project Team},},
  Year                     = {2012},
  Url                      = {www.building-typology.eu/downloads/public/docs/report/TABULA\_FinalReport\_AppendixVolume.pdf},
  Urldate                  = {06.10.2013},
}

@Misc{TABULAProjectTeam.2010,
  Title                    = {Use of Building Typologies for Energy Performance Assessment of National Building Stocks: Existent Experiences in European Countries and Common Approach: --First TABULA Synthesis Report--},
  Author                   = {{TABULA Project Team},},
  Year                     = {2010},
  Url                      = {www.building-typology.eu/downloads/public/docs/report/TABULA\_SR1.pdf},
  Urldate                  = {08.10.2013},
}

@Misc{epbd.2010,
  Title                    = {Directive 2010/31/EU on the energy performance of buildings: Directive 2010/31/EU},
  Author                   = {{The European Parliament and the Council of the European Union},},
  Year                     = {19 May 2010},
  Urldate                  = {10.10.2013},
  Booktitle                = {Official Journal of the European Communities},
  Number                   = {13},
  Volume                   = {L 153}
}

@Misc{epbd.2002,
  Title                    = {Directive 2002/91/EC on the energy performance of buildings: Directive 2002/91/EC},
  Author                   = {{The European Parliament and the Council of the European Union},},
  Year                     = {16 December 2002},
  Urldate                  = {10.10.2013},

  Booktitle                = {Official Journal of the European Communities},
  Number                   = {65},
  Volume                   = {L 1}
}

@Misc{VDI-3807.1994,
  Title                    = {Energieverbrauchskennwerte f{\"u}r Geb{\"a}ude; Grundlagen: Richtlinien Energieverbrauchskennwerte f{\"u}r Geb{\"a}ude},
  Author                   = {{Verein Deutscher Ingenieure}},
  Year                     = {1994},
  Address                  = {Berlin},
  Number                   = {3807},
  Publisher                = {Beuth}
}

@Misc{Zeine.2007,
  Title                    = {Verbrauchskennwerte 2005: Energie- und Wasserverbrauchskennwerte in der Bundesrepublik Deutschland: Forschungsbericht der ages GmbH M\"{u}nster},
  Author                   = {Zeine, Carl and Gebhardt, Maren and Bockting, Beate and Mantai, Alexander and Wei, Jian Ping},
  Editor                   = {Zeine, Carl and Gebhardt, Maren and Bockting, Beate and Mantai, Alexander and Wei, Jian Ping},
  Year                     = {2007},
  Url                      = {www.ages-gmbh.de/images/downloads\_von\_der\_homepage/kennwerte/kw2005\_inhalt\_und\_methode.pdf},
  Urldate                  = {28.10.2013},
}
